<record xmlns="http://www.openarchives.org/OAI/2.0/" xmlns:xsi="http://www.w3.org/2001/XMLSchema-instance"><header><identifier>oai:alma.34CSIC_INST:990013498990204201</identifier><datestamp>2020-02-06T08:40:59Z</datestamp><setSpec>manuscripta</setSpec></header><metadata><record xmlns="http://www.loc.gov/MARC21/slim" xmlns:xsi="http://www.w3.org/2001/XMLSchema-instance" xsi:schemaLocation="http://www.loc.gov/MARC21/slim http://www.loc.gov/standards/marcxml/schema/MARC21slim.xsd"><leader>12589ntm a2200673 i 4500</leader><controlfield tag="005">20181031100337.0</controlfield><controlfield tag="008">100727s18361252              000 0 ara d</controlfield><controlfield tag="001">990013498990204201</controlfield><datafield tag="035" ind1=" " ind2=" "><subfield code="a">CSIC001349899</subfield></datafield><datafield tag="035" ind1=" " ind2=" "><subfield code="a">(ES-MaCSI)001349899MAD01-Aleph</subfield></datafield><datafield tag="035" ind1=" " ind2=" "><subfield code="a">(OCoLC)1123806274
</subfield></datafield><datafield tag="040" ind1=" " ind2=" "><subfield code="a">ES-MaCSI</subfield><subfield code="b">spa</subfield></datafield><datafield tag="100" ind1="1" ind2=" "><subfield code="a">Binnīs, Muḥammad b.Aḥmad</subfield><subfield code="d">(ca. 1747-1798 ó 9).</subfield></datafield><datafield tag="245" ind1="1" ind2="0"><subfield code="a">بهجة البصَر في شرح فرائض المختصر </subfield><subfield code="h">[Manuscrito]</subfield><subfield code="c">/ محمّد ابن أحمد بنيس.</subfield></datafield><datafield tag="260" ind1=" " ind2=" "><subfield code="c">[1836] 1252 de la Hégira.</subfield></datafield><datafield tag="300" ind1=" " ind2=" "><subfield code="a">88 f. ;</subfield><subfield code="c">22,5 x 16,8 cm (caja: 16 x 10 cm).</subfield></datafield><datafield tag="490" ind1="1" ind2=" "><subfield code="a">Manuscripta</subfield></datafield><datafield tag="546" ind1=" " ind2=" "><subfield code="a">Arabe</subfield><subfield code="b">Escritura magrebí</subfield></datafield><datafield tag="500" ind1=" " ind2=" "><subfield code="a">Título transliterado: Bahŷat al-baṣar fī šarḥ farāʼiḍ al-Mujtaṣar</subfield></datafield><datafield tag="500" ind1=" " ind2=" "><subfield code="a">Distribución: 1 col. La mayor parte del volumen tiene 24 líneas por página. Otras varían desde 21 a 25 líneas.</subfield></datafield><datafield tag="500" ind1=" " ind2=" "><subfield code="a">Material: Papel</subfield></datafield><datafield tag="500" ind1=" " ind2=" "><subfield code="a">Tinta: Negra y roja</subfield></datafield><datafield tag="500" ind1=" " ind2=" "><subfield code="a">‪Incipit: ‮(بعد البسملة والتصلية) إِنّ أَوْلَـٰى ما ورثه الانسان من الفروض واحسن ما قام به من المسنون والمفروض واعلى ما استفتح به الخطاب واحلى ما اختتم به شكر</subfield></datafield><datafield tag="500" ind1=" " ind2=" "><subfield code="a">‪Explicit: قد نجز بحمد الله ما اردناه وبلغنا الغرض الذي قصدناه والحمد لله وكفى وسلام على عباره الذين اصطفى اللهمّ برحمتك عمدنا واكفنا كل ما اهمنا وعلى الكتاب والسّنةِ توفنا وانت راض عنا آمين وصلّى الله على سيدنا المصطفى الكريم وعلى آله وصحبه وسلم</subfield></datafield><datafield tag="500" ind1=" " ind2=" "><subfield code="a">Lugar de escritura: No consta</subfield></datafield><datafield tag="500" ind1=" " ind2=" "><subfield code="a">Fecha completa: sábado 13 ŷumādà l-awwal 1252 / 26 agosto 1836- - Nota: el 13 de ŷumādà l-awwal de 1252 corresponde al viernes 26 de agosto de 1836, por lo que entendemos que el copista se equivocó en el día del mes, es decir, no es 13 sino 14 de ŷumādà l-awwal de 1252, que corresponde al 27 de agosto de 1836.</subfield></datafield><datafield tag="500" ind1=" " ind2=" "><subfield code="a">محمد المختار بن الحاج محمد بن العرفي بن يحيى الغماري الزياتي ‪Copista:</subfield></datafield><datafield tag="500" ind1=" " ind2=" "><subfield code="a">‪Colofón: انتهى بحمد الله وحُسن عوْنه وتوفيقه الجميل ولا حول ولا قوة الاّ بالله العلي العظيم ووافى الفراغ منه يوم السبت عند صلاة الظهر الثالث عشرمن شهر الله جمادى الأولى عام 1252 رزقنا الله خيره ووقانا شره كاتبه لنفسه ثم لمن شاء الله من بعده عبد ربه تعلى محمد المختار بن الحاج محمد بن العرفي بن يحيى الغماري الزياتي غفر الله له ولوالديه ولاشياخه واجلائه ولجميع المسلمين والمسلمات والحمد لله رب العلمين</subfield></datafield><datafield tag="500" ind1=" " ind2=" "><subfield code="a">Características especiales: Texto sin vocalizar</subfield></datafield><datafield tag="500" ind1=" " ind2=" "><subfield code="a">Ilustración: No</subfield></datafield><datafield tag="500" ind1=" " ind2=" "><subfield code="a">Ilustraciones: Entre oraciones, a modo de signo de puntuación, se utiliza indistintamente en tinta roja la coma árabe (٬), que sólo aparece en los dos primeros folios del volumen. - Los epígrafes y algunas palabras del texto se marcan en tinta roja</subfield></datafield><datafield tag="500" ind1=" " ind2=" "><subfield code="a">Filigranas: Tres lunas ; Letra G ; Letra M</subfield></datafield><datafield tag="500" ind1=" " ind2=" "><subfield code="a">Tipo de cuaderno: 9 cuads.: 1 binión y 8 quiniones; más 4 folios sueltos.</subfield></datafield><datafield tag="500" ind1=" " ind2=" "><subfield code="a">Deterioros: En general, buen estado del texto. Descosido de los cuadernos y deterioro de la encuadernación por el lomo. En todos los folios del volumen hay galerías, manchas y degradaciones de la tinta que afectan al texto.</subfield></datafield><datafield tag="500" ind1=" " ind2=" "><subfield code="a">H en blanco: 1 H en blanco: 1r</subfield></datafield><datafield tag="500" ind1=" " ind2=" "><subfield code="a">H dañadas, mutiladas, sueltas: 4 H sueltas: folios del 81 al 84.</subfield></datafield><datafield tag="500" ind1=" " ind2=" "><subfield code="a">H faltan o añadidas: No</subfield></datafield><datafield tag="500" ind1=" " ind2=" "><subfield code="a">Foliación: Sin foliación original. - Foliación moderna a lápiz hecha por Naima Anahnah (2010)</subfield></datafield><datafield tag="500" ind1=" " ind2=" "><subfield code="a">Reclamos: Reclamos en tinta negra en el margen inferior izquierdo de todos los folios verso.</subfield></datafield><datafield tag="500" ind1=" " ind2=" "><subfield code="a">Sign. cuad.: No</subfield></datafield><datafield tag="500" ind1=" " ind2=" "><subfield code="a">Pautado: Punta seca (casi inapreciable). Líneas rectrices con una regularidad de 7 mm.</subfield></datafield><datafield tag="500" ind1=" " ind2=" "><subfield code="a">Filigrana: Tres medias lunas, una encima de otra y de tamaño decreciente. Contrafiligrana de la letra "M" en mayúscula ahuecada.</subfield></datafield><datafield tag="563" ind1=" " ind2=" "><subfield code="a">Encuadernación: Cartera con solapa de cierre en piel roja sobre cartón y con mosaico en dorado. La decoración de las tapas está formada por dos recuadros de un hilo gofrado (es seco) unidos ambos por otro hilo en bisel; el recuadro interior con decoración en oro de hierros cuadrados. Otros hierros dorados con motivos que se repiten en la solapa y en el lomo de corte vertical. El lomo está cubierto por un tejuelo que hace de refuerzo del lomo.</subfield></datafield><datafield tag="541" ind1=" " ind2=" "><subfield code="a">Compra</subfield><subfield code="c">[Familia Granados Montoro]</subfield><subfield code="d">Ingreso: 25 de julio de 1986</subfield></datafield><datafield tag="500" ind1=" " ind2=" "><subfield code="a">Signatura antigua: CAJA 2-4</subfield></datafield><datafield tag="500" ind1=" " ind2=" "><subfield code="a">Anotaciones: Frecuentes anotaciones marginales en tinta negra en todo el volumen, tanto del mismo copista como de una mano posterior. - Las anotaciones marginales son en su mayoría correcciones que van precedidas de la letra خ. - Por otro lado, se inscriben tablas de diferentes formatos en las que se registran las proporciones correspondientes a cada uno de los herederos en una repartición de herencia. - También, aparece la palabra قف en tinta roja o negra encima de algunos vocablos del texto; con esta palabra se hace una llamada de atención sobre los vocablos correspondientes. - En casi todas las esquinas superiores izquierdas de los folios recto y las esquinas superiores derechas de los folios verso, aparece la inscripción completa اللهمّ صل على سيدنا محمد وآله وصحبه وسلم تسليما o en su forma abreviada اللهمّ صل على سيدنا محمد وآله. - En los folios 22, 25, 26 y 29 se advierte un cambio de mano del copista. - Además, en el interior de la solapa de cierre aparece a lápiz el número 20, que probablemente hacía referencia al número de catalogación del volumen antes de su ingreso en la BEEA.</subfield></datafield><datafield tag="581" ind1=" " ind2=" "><subfield code="a">Descripción: González García, Sonsoles. Estudio de las encuadernaciones originales datadas de la colección de manuscritos de la Biblioteca de la Escuela de Estudios Árabes de Granada. Granada, 2010. - González García, Sonsoles. Estudio de las encuadernaciones originales datadas de la colección de manuscritos árabes de la Biblioteca de la Escuela de Estudios Árabes de Granada : tesis doctoral, Granada, 2014</subfield></datafield><datafield tag="530" ind1=" " ind2=" "><subfield code="a">Otros soportes: No</subfield></datafield><datafield tag="581" ind1=" " ind2=" "><subfield code="a">Edición: No</subfield></datafield><datafield tag="510" ind1="4" ind2=" "><subfield code="a">No</subfield></datafield><datafield tag="520" ind1="2" ind2=" "><subfield code="a">Contenido: Bahŷat al-baṣar fī šarḥ farāʼiḍ al-Mujtaṣar</subfield></datafield><datafield tag="600" ind1="0" ind2="7"><subfield code="a">Jalīl b. Isḥāq al-Ŷundī</subfield><subfield code="d">(m. 1365?)</subfield><subfield code="t">Mujtaṣar</subfield><subfield code="x">Crítica e interpretación</subfield><subfield code="v">Manuscritos</subfield><subfield code="2">CSICAU</subfield></datafield><datafield tag="650" ind1=" " ind2="7"><subfield code="a">Herencia y sucesión (Derecho islámico)</subfield><subfield code="v">Manuscritos.</subfield><subfield code="2">CSICAU</subfield></datafield><datafield tag="650" ind1=" " ind2="7"><subfield code="a">Malikíes</subfield><subfield code="v">Manuscritos.</subfield><subfield code="2">CSICAU</subfield></datafield><datafield tag="700" ind1="1" ind2=" "><subfield code="a">Zayyātī, Muḥammad al-Mujtār b. al-Ḥāŷŷ Muḥammad b. al-ʽUrfī b. Yaḥyà al-Gamārī al-,</subfield><subfield code="e">cop.</subfield></datafield><datafield tag="740" ind1="0" ind2=" "><subfield code="a">Bahŷat al-baṣar fī šarḥ farāʼiḍ al-Mujtaṣar</subfield></datafield><datafield tag="830" ind1=" " ind2="0"><subfield code="a">Manuscripta</subfield></datafield><datafield tag="856" ind1="4" ind2="1"><subfield code="u">http://aleph.csic.es/imagenes/mad01/0006_PMSC/P_001349899_783320_V00.pdf</subfield><subfield code="z">Descargar Pdf completo (21M)</subfield><subfield code="m">CSIC</subfield></datafield><datafield tag="856" ind1="4" ind2="1"><subfield code="u">http://simurg.bibliotecas.csic.es/viewer/image/CSIC001349899/1/</subfield><subfield code="z">Ver texto completo en SIMURG, el portal de fondos digitalizados del CSIC</subfield><subfield code="m">CSIC</subfield></datafield><datafield tag="856" ind1="4" ind2="1"><subfield code="u">http://aleph.csic.es/imagenes/mad01/0006_PMSC/html/001349899.html</subfield><subfield code="z">Ver texto completo en Bookreader</subfield></datafield></record></metadata></record>